@article{almarshadi2011effects,
  title={Effects of {P}recision {I}rrigation on {P}roductivity and {W}ater {U}se {E}fficiency of {A}lfalfa under {D}ifferent {I}rrigation {M}ethods in {A}rid {C}limates},
  author={M.H. Almarshadi and S.M. Ismail},
  journal={Journal of Applied Sciences Research},
  volume={7},
  number={3},
  pages={299--308},
  year={2011},
  publisher={American-Eurasian Network for Scientific Information}
}

@article{godfray2010food,
  title={Food {S}ecurity: {T}he {C}hallenge of {F}eeding 9 {B}illion {P}eople},
  author={H.C.J. Godfray and J.R. Beddington and I.R. Crute and L. Haddad and D. Lawrence and J.F. Muir and J. Pretty and S. Robinson and S.M. Thomas and C. Toulmin},
  journal={Science},
  volume={327},
  number={5967},
  pages={812--818},
  year={2010},
  publisher={American Association for the Advancement of Science}
}


@article{kim2009soil,
  title={Soil {M}acronutrient {S}ensing for {P}recision {A}griculture},
  author={H.J. Kim and K.A. Sudduth and J.W. Hummel},
  journal={Journal of Environmental Monitoring},
  volume={11},
  number={10},
  pages={1810--1824},
  year={2009},
  publisher={Royal Society of Chemistry}
}

@article{thakur2019applicability,
  title={Applicability of {W}ireless {S}ensor {N}etworks in {P}recision {A}griculture: {A} {R}eview},
  author={D. Thakur and Y. Kumar and A. Kumar and P.K. Singh},
  journal={Wireless Personal Communications},
  pages={1--42},
  year={2019},
  publisher={Springer}
}

@inproceedings{vasisht2017farmbeats,
  title={Farmbeats: {A}n {I}ot {P}latform for {D}ata-driven {A}griculture},
  author={D. Vasisht and Z. Kapetanovic and J. Won and X. Jin and R. Chandra and S. Sinha and A. Kapoor and M. Sudarshan and S. Stratman},
  booktitle={14th USENIX Symposium on Networked Systems Design and Implementation},
  pages={515--529},
  year={2017}
}

@article{kapetanovic2017experiences,
  title={Experiences {D}eploying an {A}lways-on {F}arm {N}etwork},
  author={Z. Kapetanovic and D. Vasisht and J. Won and R. Chandra and M. Kimball},
  journal={GetMobile: Mobile Computing and Communications},
  volume={21},
  number={2},
  pages={16--21},
  year={2017},
  publisher={ACM}
}

@inproceedings{jain2019low,
  title={Low-cost {A}erial {I}maging for {S}mall {H}older {F}armers},
  author={A. Jain and Z. Kapetanovic and A. Kumar and V.N. Swamy and R. Patil and D. Vasisht and R. Sharma and M. Swaminathan and R. Chandra and A. Badam},
  booktitle={Proceedings of the Conference on Computing \& Sustainable Societies},
  pages={41--51},
  year={2019},
  organization={ACM}
}

@inproceedings{bashir2019solar,
  title={Solar-TK: {A} {D}ata-driven {T}oolkit for {S}olar {P}erformance {M}odeling and {F}orecasting},
  author={N. Bashir and D. Chen and D. Irwin and P. Shenoy},
  booktitle={IEEE International Conference on Mobile Ad-Hoc and Smart Systems},
  year={2019},
  organization={IEEE}
}

@misc{ndfd,
	title={National {D}igital {F}orecast {D}atabase (NDFD)},
	url={https://www.weather.gov/mdl/ndfd_home},
	year={2020},
}


@misc{jetson-nano,
  title = {Jetson {N}ano {D}eveloper {K}it},
  year = {2020},
  month = {February},
  howpublished = {\url{https://developer.nvidia.com/embedded/jetson-nano-developer-kit}}
}

@misc{see&spray,
  title = {Blue {R}iver - {S}ee \& {S}pray},
  year = {2020},
  month = {February},
  howpublished = {\url{http://smartmachines.bluerivertechnology.com/}}
}

@misc{cropx,
  title = {The {S}ensors and {S}oftware {B}ehind the {S}oil {I}ntelligence},
  year = {2020},
  month = {February},
  howpublished = {\url{https://www.cropx.com/}}
}

@misc{precisionhawk,
  title = {Drone-based {M}apping and {A}nalytics for {A}griculture},
  year = {2020},
  month = {February},
  howpublished = {\url{https://www.precisionhawk.com/}}
}

@misc{fieldagent-sentera,
  title = {FieldAgent {A}nalytics - {S}entera},
  year = {2020},
  month = {February},
  howpublished = {\url{https://sentera.com/fieldagent-platform/}}
}

@misc{camera-link,
  title = {Urban {S}ecurity {G}roup {I}P {P}TZ {S}peed {D}ome {C}ameras},
  year = {2020},
  month = {February},
  howpublished = {\url{http://www.cctv.supplies/index.php/security-cameras/ptz-cameras.html}}
}

@Misc{deep-learning,
  author = {J. Chen},
  title = {Medium, {W}hy building your own {D}eep {L}earning {C}omputer is 10x cheaper than {A}{W}{S}},
  howpublished = {https://medium.com/the-mission/why-building-your-own-deep-learning-computer-is-10x-cheaper-than-aws-b1c91b55ce8c},
  month = {September 24th},
  year = {2018},
  }
  
 @InProceedings{home-os-challenges,
author = {A.J. Brush and B. Lee and R. Mahajan and S. Agarwal and S. Saroiu and C. Dixon},
title = {Home {A}utomation in the {W}ild: {C}hallenges and {O}pportunities},
year = {2011},
month = {May},
publisher = {ACM Conference on Computer-Human Interaction},
url = {https://www.microsoft.com/en-us/research/publication/home-automation-in-the-wild-challenges-and-opportunities/},
}

@article{ble5,
  title={Bluetooth 5: {G}o {F}aster},
  author={M. Woolley and S. Schmidt},
  journal={Go Further. Bluetooth SIG},
  year={2018}
}

@article{nrf52840,
  title={n{R}{F}52840 {P}roduct {S}pecifications},
  author={Nordic Semiconductor},
  journal={Nordic Semiconductor Product Briefs},
  year={2018}
}

@inproceedings{naveed-lamp,
author = {N.A. Bhatti and S.A. Ahmed and M.H. Alizai},
title = {Sensors with {L}asers: {B}uilding a {W}{S}{N} {P}ower {G}rid},
year = {2014},
publisher = {IEEE},
booktitle = {International Symposium on Information Processing in Sensor Networks},
pages = {261–272},
numpages = {12}
}

@inproceedings{fall-curve,
author = {T. Chakraborty and A.U. Nambi and R. Chandra and R. Sharma and M. Swaminathan and Z. Kapetanovic and J. Appavoo},
title = {Fall-{C}urve: {A} {N}ovel {P}rimitive for {I}o{T} {F}ault {D}etection and {I}solation},
year = {2018},
publisher = {ACM},
address = {New York, NY, USA},
booktitle = {ACM Conference on Embedded Networked Sensor Systems},
pages = {95–107},
numpages = {13},
series = {SenSys ’18}
}
  


@ARTICLE{computation-offloading,
author={L. {L}in and X. {L}iao and H. {J}in and P. {L}i},
journal={Proceedings of the IEEE},
title={Computation {O}ffloading {T}oward {E}dge {C}omputing},
year={2019},
volume={107},
number={8},
pages={1584-1607},
month={Aug},}



@Article{wsn-pa,
AUTHOR = {H.M. Jawad and R. Nordin and S.K. Gharghan and A.M. Jawad and M. Ismail},
TITLE = {Energy-{E}fficient {W}ireless {S}ensor {N}etworks for {P}recision {A}griculture: {A} {R}eview},
JOURNAL = {Sensors},
VOLUME = {17},
YEAR = {2017},
NUMBER = {8},
ARTICLE-NUMBER = {1781},
URL = {https://www.mdpi.com/1424-8220/17/8/1781},
}

@INPROCEEDINGS{smart-farming,
author={J. {Bauer} and N. {Aschenbruck}},
booktitle={IoT Vertical and Topical Summit on Agriculture - Tuscany (IOT Tuscany)},
title={Design and {I}mplementation of an {A}gricultural {M}onitoring {S}ystem for {S}mart {F}arming},
year={2018},
pages={1-6},
month={May},}

@INPROCEEDINGS{smart-farm-arch,
author={A. {Triantafyllou} and D. C. {Tsouros} and P. {Sarigiannidis} and S. {Bibi}},
booktitle={International Conference on Distributed Computing in Sensor Systems (DCOSS)},
title={An {A}rchitecture {M}odel for {S}mart {F}arming},
year={2019},
volume={},
number={},
pages={385-392},
month={May},}

@inproceedings{towards-smart-farming,
  title={Towards a {S}mart {F}arming {P}latform: from {I}o{T}-based {C}rop {S}ensing to {D}ata {A}nalytics},
  author={Cadavid, H{\'e}ctor and Garz{\'o}n, Wilmer and P{\'e}rez, Alexander and L{\'o}pez, Germ{\'a}n and Mendivelso, Cristian and Ram{\'\i}rez, Carlos},
  booktitle={Colombian Conference on Computing},
  pages={237--251},
  year={2018},
  organization={Springer}
}

@article{energy-efficient-pa-system,
    author={H. Agrawal and R. Dhall and K.S.S. Iyer and V. Chetlapalli},
    year={2019},
    title={An {I}mproved {E}nergy {E}fficient {S}ystem for {I}o{T} {E}nabled {P}recision {A}griculture},
    Journal={Journal of Ambient Intelligence and Humanized Computing}, 
    organization={Springer}
}

@INPROCEEDINGS{edge-digital-farm,
author={S. {Sarangi} and V. {Naik} and S. B. {Choudhury} and P. {Jain} and V. {Kosgi} and R. {Sharma} and P. {Bhatt} and P. {Srinivasu}},
booktitle={International Conference on Communication Systems Networks (COMSNETS)},
title={An {A}ffordable {I}o{T} {E}dge {P}latform for {D}igital {F}arming in {D}eveloping {R}egions},
year={2019},
pages={556-558},
month={Jan},}

@INPROCEEDINGS{precision-monitor-cabbage,
author={A. {Mittal} and S. {Sarangi} and S. {Ramanath} and P. V. {Bhatt} and R. {Sharma} and P. {Srinivasu}},
booktitle={2018 IEEE Global Humanitarian Technology Conference (GHTC)},
title={Io{T}-{B}ased {P}recision {M}onitoring of {H}orticultural {C}rops — {A} {C}ase-{S}tudy on {C}abbage and {C}apsicum},
year={2018},
pages={1-7},
month={Oct},}

@inproceedings{reality-check-edge,
author = {A. Cartas and M. Kocour and A. Raman and I. Leontiadis and J. Luque and N. Sastry and J. Nu\~{n}ez-Martinez and D. Perino and C. Segura},
title = {A {R}eality {C}heck on {I}nference at {M}obile {N}etworks {E}dge},
year = {2019},
publisher = {ACM},
booktitle = {International Workshop on Edge Systems, Analytics and Networking},
pages = {54–59},
numpages = {6},
keywords = {Artificial Intelligence, Edge computing},
series = {EdgeSys ’19}
}

@book{parallel-scheduling,
  title={Job {S}cheduling {S}trategies for {P}arallel {P}rocessing},
  author={D.G. Feitelson and L. Rudolph},
  volume={1162},
  year={1996},
  publisher={Springer Science \& Business Media}
}

@article{federated-ml,
author = {Q. Yang, and Y. Liu and T. Chen and Y. Tong},
title = {Federated {M}achine {L}earning: {C}oncept and {A}pplications},
year = {2019},
publisher = {ACM},
volume = {10},
number = {2},
journal = {TIST},
numpages = {19}
}
  
@inproceedings{wang2019pushing,
title={Pushing the range limits of commercial passive rfids},
author={Wang, Jingxian and Zhang, Junbo and Saha, Rajarshi and Jin, Haojian and Kumar, Swarun},
booktitle={16th $\{$USENIX$\}$ Symposium on Networked Systems Design and Implementation ($\{$NSDI$\}$ 19)},
pages={301--316},
year={2019}
}

@article{thinning-history,
  title={The {H}istory of {F}ruit {T}hinning},
  author={F.G. Dennis Jr},
  journal={Plant Growth Regulation},
  volume={31},
  number={1-2},
  pages={1--16},
  year={2000},
  publisher={Springer}
}

@article{yield-prediction,
  title={Yield {P}rediction in {A}pple {O}rchards based on {I}mage {P}rocessing},
  author={A.D. Aggelopoulou and D. Bochtis and S. Fountas and K.C. Swain and T.A. Gemtos and G.D. Nanos},
  journal={Precision Agriculture},
  volume={12},
  number={3},
  pages={448--456},
  year={2011},
  publisher={Springer}
}

@article{crop-estimation,
title = "Apple {C}rop-load {E}stimation with {O}ver-the-row {M}achine {V}ision {S}ystem",
journal = "Computers and Electronics in Agriculture",
volume = "120",
pages = "26 - 35",
year = "2016",
author = "A. Gongal and A. Silwal and S. Amatya and M. Karkee and Q. Zhang and K. Lewis",
}

@article{fruitlet-model,
  title={Development of a {F}ruitlet {G}rowth {M}odel to {P}redict {T}hinner {R}esponse on {A}pples},
  author={D.W. Greene and A.N. Lakso and T.L. Robinson and P. Schwallier},
  journal={HortScience},
  volume={48},
  number={5},
  pages={584--587},
  year={2013},
  publisher={American Society for Horticultural Science}
}

@article{microclimates,
  title={Effects of {C}anopy {M}icroclimate on {F}ruit {Y}ield and {Q}uality of {C}amellia {O}leifera},
  author={W. Yue and S. Shu-chai and L.Y. Ma and Y. Shao-yan and W. Yu-wei and X.N. Wang},
  journal={Scientia Horticulturae},
  volume={235},
  pages={132--141},
  year={2018},
  publisher={Elsevier}
}

@article{microclimate-specifics,
  title={Orchards {M}icroclimatic {S}pecifics},
  author={T. St{\v{r}}eda and H. St{\v{r}}edov{\'a} and J. Ro{\v{z}}novsk{\`y}},
  journal={Bioclimate: Source and Limit of Social Development},
  pages={132--133},
  year={2011}
}

@article{microcolimate-effect,
  title={Effect of {O}ver-tree {E}vaporative {C}ooling in {O}rchards on {M}icroclimate and {A}ccuracy of {I}nsect {M}odel {P}redictions},
  author={U. Chambers and V.P. Jones},
  journal={Environmental entomology},
  volume={44},
  number={6},
  pages={1627--1633},
  year={2015},
  publisher={Oxford University Press}
}

@article{newa-model,
  title={The {N}etwork for {E}nvironment \& {W}eather {A}pplications ({N}{E}{W}{A})},
  author={J. Carroll and T. Weigle and C. Petzoldt},
  year={2011},
  publisher={New York State IPM Program}
}

@article{ipm-scouting,
  title={Integrated {P}est {M}anagement {S}couting in {F}ield {C}rops },
  author={J.  DeDecker},
  journal={Michigan State University Extension},
  year={2015},
  publisher={Michigan State University}
}

@article{ipm-greenhouse,
  title={I{P}{M}-{S}couting and {M}onitoring for {P}ests in {C}ommercial {G}reenhouses},
  author={M. Schnelle and E. Rebek},
  year={2013},
  journal={Oklahoma Cooperative Extension Service},
  publisher={Oklahoma State University. Division of Agricultural Sciences and Natural}
}

@article{ipm-overview,
  title={Orchard {IPM} ({I}ntegrated {P}est {M}anagement) - {A}n {O}verview},
  author={G. Krawczyk},
  year={2017},
  journal={PennState Extension},
}

@article{microclimate-wsn,
author = {M. Garcia and F. Jose and A.B. Ramos and F. Montero-Riquelme},
year = {2020},
month = {02},
title = {Wireless {S}ensor {N}etworks to {M}onitor {M}icroclimate {V}ariability for {P}recision {V}iticulture in {C}astilla-{L}a {M}ancha}, 
publisher={CIGR-EurAgEng},
booktitle={International Conference of Agricultural Engineering}
}

@misc{USDANati49:online,
author = {},
title = {USDA - National Agricultural Statistics Service - Census of Agriculture},
howpublished = {\url{https://www.nass.usda.gov/AgCensus/}},
month = {},
year = {},
note = {(Accessed on 02/26/2020)}
}

@misc{SensorsA98:online,
author = {},
title = {Sensors - Axzon website},
howpublished = {\url{https://axzon.com/sensors/}},
month = {},
year = {},
note = {}
}

@misc{EPCUHFGe31:online,
author = {},
title = {EPC UHF Gen2 Air Interface Protocol - EPC/RFID | GS1},
howpublished = {\url{https://www.gs1.org/standards/epc-rfid/uhf-air-interface-protocol}},
month = {},
year = {},
note = {}
}